@article{shemonskiStabilityComputedOptical2014,
  title = {Stability in Computed Optical Interferometric Tomography ({{Part II}}): In Vivo Stability Assessment},
  shorttitle = {Stability in Computed Optical Interferometric Tomography ({{Part II}})},
  author = {Shemonski, Nathan D. and Ahmad, Adeel and Adie, Steven G. and Liu, Yuan-Zhi and South, Fredrick A. and Carney, P. Scott and Boppart, Stephen A.},
  year = {2014},
  month = aug,
  volume = {22},
  pages = {19314},
  issn = {1094-4087},
  doi = {10.1364/OE.22.019314},
  journal = {Optics Express},
  language = {en},
  number = {16}
}

@article{Cuartas-Velez2019_Labmade,
  title = {Lab-Made Accessible Full-Field Optical Coherence Tomography Imaging System},
  author = {{Cuartas-V{\'e}lez}, Carlos and {Ruiz-Lopera}, Sebasti{\'a}n and {Uribe-Patarroyo}, N{\'e}stor and Restrepo, Ren{\'e}},
  year = {2019},
  month = sep,
  volume = {52},
  pages = {1--11},
  issn = {21718814},
  doi = {10.7149/OPA.52.3.50308},
  journal = {Optica Pura y Aplicada},
  number = {3}
}

@MastersThesis{Ruiz-lopera2018_diseno,
    author={Sebasti{\'a}n Ruiz-Lopera},
    title={Diseño e implementaci{\'o}n de una espectr{\'o}metro lineal en el n{\'u}mero de onda para tomograf{\'i}a de coherence {\'o}ptica},
    school={Universidad EAFIT},
    year={2018},
    }
    

@inproceedings{Ruiz-lopera2018_Design,
author = {Sebasti\'{a}n Ruiz-Lopera and Ren\'{e} Restrepo},
booktitle = {Latin America Optics and Photonics Conference},
journal = {Latin America Optics and Photonics Conference},
keywords = {Diffraction efficiency; Diffraction gratings; Grating prisms; Optical design; Spectral domain optical coherence tomography; Spherical aberrations},
pages = {W2B.3},
publisher = {Optical Society of America},
title = {Design of a Linear in Wavenumber Spectrometer},
year = {2018},
url = {http://www.osapublishing.org/abstract.cfm?URI=LAOP-2018-W2B.3},
doi = {10.1364/LAOP.2018.W2B.3},
}

@article{Nakamura2007_High-speed,
author = {Yoshifumi Nakamura and Shuichi Makita and Masahiro Yamanari and Masahide Itoh and Toyohiko Yatagai and Yoshiaki Yasuno},
journal = {Opt. Express},
keywords = {Optical coherence tomography; Three-dimensional image acquisition; Ophthalmology; Optical coherence tomography; Full field optical coherence tomography; Image processing; Image quality; Imaging techniques; Ophthalmic imaging; Three dimensional imaging},
number = {12},
pages = {7103--7116},
publisher = {OSA},
title = {High-speed three-dimensional human retinal imaging by line-field spectral domain optical coherence tomography},
volume = {15},
month = {Jun},
year = {2007},
url = {http://www.opticsexpress.org/abstract.cfm?URI=oe-15-12-7103},
}


@article{Dubois2004_Ultrahigh-resolution,
author = {Arnaud Dubois and Kate Grieve and Gael Moneron and Romain Lecaque and Laurent Vabre and Claude Boccara},
journal = {Appl. Opt.},
keywords = {Medical and biological imaging; Optical coherence tomography; Three-dimensional microscopy; Interference microscopy; Full field optical coherence tomography; Image quality; Imaging systems; Imaging techniques; In vivo imaging; Optical imaging},
number = {14},
pages = {2874--2883},
publisher = {OSA},
title = {Ultrahigh-resolution full-field optical coherence tomography},
volume = {43},
month = {May},
year = {2004},
url = {http://ao.osa.org/abstract.cfm?URI=ao-43-14-2874},
}



@inproceedings{Fergusson2010_vitro,
author = {James Fergusson and Boris Považay and Bernd Hofer and Wolfgang Drexler},
title = {{In vitro retinal imaging with full field swept source optical coherence tomography}},
volume = {7554},
booktitle = {Optical Coherence Tomography and Coherence Domain Optical Methods in Biomedicine XIV},
editor = {Joseph A. Izatt and James G. Fujimoto and Valery V. Tuchin},
organization = {International Society for Optics and Photonics},
publisher = {SPIE},
pages = {53 -- 58},
keywords = {full field, swept source, optical coherence tomography},
year = {2010},
doi = {10.1117/12.843254},
URL = {https://doi.org/10.1117/12.843254}
}


@article {Dubois2006_Full,
	Title = {[Full-field OCT]},
	Author = {Dubois, Arnaud and Boccara, Claude},
	DOI = {10.1051/medsci/20062210859},
	Number = {10},
	Volume = {22},
	Month = {October},
	Year = {2006},
	Journal = {Medecine sciences : M/S},
	ISSN = {0767-0974},
	Pages = {859—864},
	URL = {https://doi.org/10.1051/medsci/20062210859},
}



@article{Srinivasan2012_Optical,
author = {Vivek J. Srinivasan and Harsha Radhakrishnan and Eng H. Lo and Emiri T. Mandeville and James Y. Jiang and Scott Barry and Alex E. Cable},
journal = {Biomed. Opt. Express},
keywords = {Optical coherence tomography; Microscopy; Blood or tissue constituent monitoring; Medical and biological imaging; Physiology; Three-dimensional microscopy; Diffuse optical imaging; Functional imaging; Imaging techniques; Optical imaging; Point spread function; Power spectral density},
number = {3},
pages = {612--629},
publisher = {OSA},
title = {OCT methods for capillary velocimetry},
volume = {3},
month = {Mar},
year = {2012},
url = {http://www.osapublishing.org/boe/abstract.cfm?URI=boe-3-3-612},
}

@article{Makita2006_Optical,
author = {Shuichi Makita and Youngjoo Hong and Masahiro Yamanari and Toyohiko Yatagai and Yoshiaki Yasuno},
journal = {Opt. Express},
keywords = {Optical coherence tomography; Three-dimensional image acquisition; Medical optics instrumentation; Ophthalmology; Optical coherence tomography; Doppler effect; Image metrics; Saccades; Scanning laser ophthalmoscopy; Three dimensional imaging; Tomography},
number = {17},
pages = {7821--7840},
publisher = {OSA},
title = {Optical coherence angiography},
volume = {14},
month = {Aug},
year = {2006},
url = {http://www.opticsexpress.org/abstract.cfm?URI=oe-14-17-7821},
}


@article{Uribe-Patarroyo2020_Noise,
author = {N\'{e}stor Uribe-Patarroyo and Anouk L. Post and Sebasti\'{a}n Ruiz-Lopera and Dirk J. Faber and Brett E. Bouma},
journal = {OSA Continuum},
keywords = {Dynamic light scattering; Functional imaging; Image quality; In vivo imaging; Optical coherence tomography; Speckle patterns},
number = {4},
pages = {709--741},
publisher = {OSA},
title = {Noise and bias in optical coherence tomography intensity signal decorrelation},
volume = {3},
month = {Apr},
year = {2020},
url = {http://www.osapublishing.org/osac/abstract.cfm?URI=osac-3-4-709},
}

@MastersThesis{cuartas-velez2017,
    author={Carlos CUartas-Vélez},
    title={Formación y restauración de imagen en tomografía óptica de coherencia mediante posprocesamiento},
    school={Universidad EAFIT},
    year={2017},
    }
    
@article{Wang_2017,
	title={Review of optical coherence tomography in oncology},
	author={J. Wang and Y. Xu and S.A. Boppart},
	journal={Journal of biomedical optics},
	volume={22},
	number={12},
	pages={121711},
	year={2017},
	publisher={International Society for Optics and Photonics}
}

@article{Zhou_2015,
	title={Endoscopic optical coherence tomography},
	author={C. Zhou and J.G. Fujimoto and T.H. Tsai and H. Mashimo},
	journal={Optical Coherence Tomography: Technology and Applications},
	pages={2077--2108},
	year={2015},
	publisher={Springer}
}

@article{Bouma2017_Medical,
author = {Brett E. Bouma and Martin Villiger and Kenichiro Otsuka and Wang-Yuhl Oh},
journal = {Biomed. Opt. Express},
keywords = {Medical and biological imaging; Optical coherence tomography; Amplified spontaneous emission; High speed imaging; Image processing; Image quality; Imaging systems; Ophthalmic imaging},
number = {5},
pages = {2660--2686},
publisher = {OSA},
title = {Intravascular optical coherence tomography [Invited]},
volume = {8},
month = {May},
year = {2017},
url = {http://www.osapublishing.org/boe/abstract.cfm?URI=boe-8-5-2660},
}

@article{Ramos_2009,
	title={Clinical and research applications of anterior segment optical coherence tomography--a review},
	author={J.L. Ramos and Y. Li, and D. Huang},
	journal={Clinical \& experimental ophthalmology},
	volume={37},
	number={1},
	pages={81--89},
	year={2009},
	publisher={Wiley Online Library}
}

@book{Keiser2016_Biophotonics,
  title = {Biophotonics: Concepts to Applications},
  shorttitle = {Biophotonics},
  author = {Keiser, Gerd},
  year = {2016},
  publisher = {{Springer}},
  address = {{Singapore}},
  isbn = {978-981-10-0945-7 978-981-10-0943-3},
  language = {eng},
  series = {Graduate Texts in Physics}
}

@article{Karamata2005_Multiple,
  title={Multiple scattering in optical coherence tomography. I. Investigation and modeling},
  author={Karamata, Boris and Laubscher, Markus and Leutenegger, Marcel and Bourquin, St{\'e}phane and Lasser, Theo and Lambelet, Patrick},
  journal={JOSA A},
  volume={22},
  number={7},
  pages={1369--1379},
  year={2005},
  publisher={Optical Society of America}
}

@article{Kraus2012_Motion,
  title={Motion correction in optical coherence tomography volumes on a per A-scan basis using orthogonal scan patterns},
  author={Kraus, Martin F and Potsaid, Benjamin and Mayer, Markus A and Bock, Ruediger and Baumann, Bernhard and Liu, Jonathan J and Hornegger, Joachim and Fujimoto, James G},
  journal={Biomedical optics express},
  volume={3},
  number={6},
  pages={1182--1199},
  year={2012},
  publisher={Optical Society of America}
}

@article{Ginner2018_Holographic,
  title={Holographic line field en-face OCT with digital adaptive optics in the retina in vivo},
  author={Ginner, Laurin and Schmoll, Tilman and Kumar, Abhishek and Salas, Matthias and Pricoupenko, Nastassia and Wurster, Lara M and Leitgeb, Rainer A},
  journal={Biomedical optics express},
  volume={9},
  number={2},
  pages={472--485},
  year={2018},
  publisher={Optical Society of America}
}

@article{South2015_Computed,
  title={Computed optical interferometric imaging: methods, achievements, and challenges},
  author={South, Fredrick A and Liu, Yuan-Zhi and Carney, P Scott and Boppart, Stephen A},
  journal={IEEE Journal of Selected Topics in Quantum Electronics},
  volume={22},
  number={3},
  pages={186--196},
  year={2015},
  publisher={IEEE}
}

@article{Shemonski2014_Stability,
  title={Stability in computed optical interferometric tomography (Part I): Stability requirements},
  author={Shemonski, Nathan D and Adie, Steven G and Liu, Yuan-Zhi and South, Fredrick A and Carney, P Scott and Boppart, Stephen A},
  journal={Optics express},
  volume={22},
  number={16},
  pages={19183--19197},
  year={2014},
  publisher={Optical Society of America}
}

@article{Vakoc2005_Phase,
  title={Phase-resolved optical frequency domain imaging},
  author={Vakoc, BJ and Yun, SH and De Boer, JF and Tearney, GJ and Bouma, BE},
  journal={Optics express},
  volume={13},
  number={14},
  pages={5483--5493},
  year={2005},
  publisher={Optical Society of America}
}

@book{Goodman2005_Introduction,
  title={Introduction to Fourier optics},
  author={Goodman, Joseph W},
  year={2005},
  publisher={Roberts and Company Publishers}
}

@article{Ginner2017_Noniterative,
  title={Noniterative digital aberration correction for cellular resolution retinal optical coherence tomography in vivo},
  author={Ginner, Laurin and Kumar, Abhishek and Fechtig, Daniel and Wurster, Lara M and Salas, Matthias and Pircher, Michael and Leitgeb, Rainer A},
  journal={Optica},
  volume={4},
  number={8},
  pages={924--931},
  year={2017},
  publisher={Optical Society of America}
}

@article{Chen2010_Sdoct,
  title={Sdoct Image Reconstruction by Interferometric Synthetic Aperture Microscopy},
  author={Chen, Xiaodong and Li, Qiao and Lei, Yong and Wang, Yi and Yu, Daoyin},
  journal={Journal of Innovative Optical Health Sciences},
  volume={3},
  number={01},
  pages={17--23},
  year={2010},
  publisher={World Scientific}
}

@article{Chen2010_Approximate,
  title={Approximate wavenumber domain algorithm for interferometric synthetic aperture microscopy},
  author={Chen, Xiaodong and Li, Qiao and Lei, Yong and Wang, Yi and Yu, Daoyin},
  journal={Optics Communications},
  volume={283},
  number={9},
  pages={1993--1996},
  year={2010},
  publisher={Elsevier}
}

@article{Yu2007_Digital,
  title={Digital holographic tomography based on spectral interferometry},
  author={Yu, Lingfeng and Chen, Zhongping},
  journal={Optics letters},
  volume={32},
  number={20},
  pages={3005--3007},
  year={2007},
  publisher={Optical Society of America}
}

@inproceedings{Ralston2005_Gaussian,
  title={Gaussian beam deconvolution in optical coherence tomography},
  author={Ralston, Tyler S and Marks, Daniel L and Kamalabadi, Farzad and Boppart, Stephen A},
  booktitle={Three-Dimensional and Multidimensional Microscopy: Image Acquisition and Processing XII},
  volume={5701},
  pages={1--12},
  year={2005},
  organization={International Society for Optics and Photonics}
}


@article{Choma2003_Sensitivity,
  title={Sensitivity advantage of swept source and Fourier domain optical coherence tomography},
  author={Choma, Michael A and Sarunic, Marinko V and Yang, Changhuei and Izatt, Joseph A},
  journal={Optics express},
  volume={11},
  number={18},
  pages={2183--2189},
  year={2003},
  publisher={Optical Society of America}
}

@article{Oh2010_400,
  title={> 400 kHz repetition rate wavelength-swept laser and application to high-speed optical frequency domain imaging},
  author={Oh, Wang-Yuhl and Vakoc, Benjamin J and Shishkov, Milen and Tearney, Guillermo J and Bouma, Brett E},
  journal={Optics letters},
  volume={35},
  number={17},
  pages={2919--2921},
  year={2010},
  publisher={Optical Society of America}
}

@article{Yun2003_High,
  title={High-speed optical frequency-domain imaging},
  author={Yun, Seok-Hyun and Tearney, Guillermo J and de Boer, Johannes F and Iftimia, N and Bouma, Brett E},
  journal={Optics express},
  volume={11},
  number={22},
  pages={2953--2963},
  year={2003},
  publisher={Optical Society of America}
}

@article{Nassif2004_Vivo,
  title={In vivo high-resolution video-rate spectral-domain optical coherence tomography of the human retina and optic nerve},
  author={Nassif, NA and Cense, B and Park, BH and Pierce, MC and Yun, SH and Bouma, BE and Tearney, GJ and Chen, TC and De Boer, JF},
  journal={Optics express},
  volume={12},
  number={3},
  pages={367--376},
  year={2004},
  publisher={Optical Society of America}
}

@article{Chinn1997_Optical,
  title={Optical coherence tomography using a frequency-tunable optical source},
  author={Chinn, SR and Swanson, EA and Fujimoto, JG},
  journal={Optics letters},
  volume={22},
  number={5},
  pages={340--342},
  year={1997},
  publisher={Optical Society of America}
}

@article{Leitgeb2003_Performance,
  title={Performance of fourier domain vs. time domain optical coherence tomography},
  author={Leitgeb, R and Hitzenberger, CK and Fercher, Adolf F},
  journal={Optics express},
  volume={11},
  number={8},
  pages={889--894},
  year={2003},
  publisher={Optical Society of America}
}

@article{Fercher1995_Measurement,
  title={Measurement of intraocular distances by backscattering spectral interferometry},
  author={Fercher, Adolph F and Hitzenberger, Ch K and Kamp, G and El-Zaiat, Sy Y},
  journal={Optics communications},
  volume={117},
  number={1-2},
  pages={43--48},
  year={1995},
  publisher={Elsevier}
}

@article{Izatt1997_Vivo,
  title={In vivo bidirectional color Doppler flow imaging of picoliter blood volumes using optical coherence tomography},
  author={Izatt, Joseph A and Kulkarni, Manish D and Yazdanfar, Siavash and Barton, Jennifer K and Welch, Ashley J},
  journal={Optics letters},
  volume={22},
  number={18},
  pages={1439--1441},
  year={1997},
  publisher={Optical Society of America}
}

@article{Hee1992_Polarization,
  title={Polarization-sensitive low-coherence reflectometer for birefringence characterization and ranging},
  author={Hee, Michael R and Huang, David and Swanson, Eric A and Fujimoto, James G},
  journal={JOSA B},
  volume={9},
  number={6},
  pages={903--908},
  year={1992},
  publisher={Optical Society of America}
}

@article{yasuno2006,
  langid = {english},
  title = {Non-Iterative Numerical Method for Laterally Superresolving {{Fourier}} Domain Optical Coherence Tomography},
  volume = {14},
  issn = {1094-4087},
  url = {http://www.osapublishing.org/oe/abstract.cfm?uri=oe-14-3-1006},
  doi = {10.1364/OE.14.001006},
  number = {3},
  journal = {Optics Express},
  shortjournal = {Opt. Express, OE},
  urldate = {2018-08-01},
  year = {2006},
  pages = {1006-1020},
  keywords = {Optical coherence tomography,Image quality,Crystalline lens,Far field diffraction,Fresnel diffraction,Image metrics},
  author = {Yasuno, Yoshiaki and Sugisaka, Jun-ichiro and Sando, Yusuke and Nakamura, Yoshifumi and Makita, Shuichi and Itoh, Masahide and Yatagai, Toyohiko},
}

@article{Pircher2007_Combining,
  title = {Combining Adaptive Optics with Optical Coherence Tomography: Unveiling the Cellular Structure of the Human Retina {\emph{in Vivo}}},
  volume = {2},
  issn = {1746-9899, 1746-9902},
  shorttitle = {Combining Adaptive Optics with Optical Coherence Tomography},
  language = {en},
  number = {6},
  journal = {Expert Review of Ophthalmology},
  doi = {10.1586/17469899.2.6.1019},
  author = {Pircher, Michael and Zawadzki, Robert J},
  year = {2007},
  pages = {1019-1035},
}

@book{drexler2015,
  langid = {english},
  title = {Optical {{Coherence Tomography}}},
  isbn = {978-3-319-06418-5 978-3-319-06419-2},
  url = {http://link.springer.com/10.1007/978-3-319-06419-2},
  publisher = {{Springer International Publishing}},
  urldate = {2018-02-28},
  year = {2015},
  editor = {Drexler, Wolfgang and Fujimoto, James G.},
  doi = {10.1007/978-3-319-06419-2}
}

@article{huang1991,
  title = {Optical Coherence Tomography},
  volume = {254},
  url = {https://www.ncbi.nlm.nih.gov/pmc/articles/PMC4638169/},
  number = {5035},
  journal = {Science},
  urldate = {2017-06-21},
  year = {1991},
  pages = {1178},
  author = {Huang, David and Swanson, Eric A. and Lin, Charles P. and Schuman, Joel S. and Stinson, William G. and Chang, Warren and Hee, Michael R. and Flotte, Thomas and Gregory, Kenton and Puliafito, Carmen A. and others},
}

@article{cuartas-velez2018,
  title = {Volumetric Non-Local-Means Based Speckle Reduction for Optical Coherence Tomography},
  volume = {9},
  issn = {2156-7085},
  language = {EN},
  number = {7},
  journal = {Biomed. Opt. Express},
  doi = {10.1364/BOE.9.003354},
  author = {{Cuartas-V{e}lez}, Carlos and Restrepo, Ren{\'e} and Bouma, Brett E. and {Uribe-Patarroyo}, N{\'e}stor},
  month = jul,
  year = {2018},
  pages = {3354-3372},
}

@inproceedings{ruiz2017,
  title = {Sistema de tomografía óptica de coherencia de campo completo},
  eventtitle = {XV ENO - VI CANCOAXV ENO - VI CANCOA},
  booktitle = {XV ENO - VI CANCOA},
  year = {2017},
  pages = {38-39},
  author = {Ruiz, Sebastián and {Cuartas-V{e}lez}, Carlos and Restrepo, Ren{\'e} and {Uribe-Patarroyo}, N{\'e}stor},
}

@article{fujimoto2016,
  title={The development, commercialization, and impact of optical coherence tomography},
  author={Fujimoto, James and Swanson, Eric},
  journal={Investigative ophthalmology \& visual science},
  volume={57},
  number={9},
  pages={OCT1--OCT13},
  year={2016},
  publisher={The Association for Research in Vision and Ophthalmology}
}

@article{liang1994,
  langid = {english},
  title = {Objective Measurement of Wave Aberrations of the Human Eye with the Use of a {{Hartmann}}–{{Shack}} Wave-Front Sensor},
  volume = {11},
  issn = {1084-7529, 1520-8532},
  url = {https://www.osapublishing.org/abstract.cfm?URI=josaa-11-7-1949},
  doi = {10.1364/JOSAA.11.001949},
  number = {7},
  journal = {Journal of the Optical Society of America A},
  shortjournal = {J. Opt. Soc. Am. A},
  urldate = {2019-05-09},
  year = {1994},
  pages = {1949},
  author = {Liang, Junzhong and Grimm, Bernhard and Goelz, Stefan and Bille, Josef F.},
}

@article{thibos2002,
  langid = {english},
  title = {Statistical Variation of Aberration Structure and Image Quality in a Normal Population of Healthy Eyes},
  volume = {19},
  issn = {1084-7529, 1520-8532},
  url = {https://www.osapublishing.org/abstract.cfm?URI=josaa-19-12-2329},
  doi = {10.1364/JOSAA.19.002329},
  number = {12},
  journal = {Journal of the Optical Society of America A},
  shortjournal = {J. Opt. Soc. Am. A},
  urldate = {2019-05-08},
  year = {2002},
  pages = {2329},
  author = {Thibos, Larry N. and Hong, Xin and Bradley, Arthur and Cheng, Xu},
}

@article{liu2017,
  langid = {english},
  title = {Computational Optical Coherence Tomography [{{Invited}}]},
  volume = {8},
  issn = {2156-7085, 2156-7085},
  url = {https://www.osapublishing.org/abstract.cfm?URI=boe-8-3-1549},
  doi = {10.1364/BOE.8.001549},
  number = {3},
  journal = {Biomedical Optics Express},
  urldate = {2019-03-26},
  year = {2017},
  pages = {1549},
  author = {Liu, Yuan Zhi and South, Fredrick A. and Xu, Yang and Carney, P. Scott and Boppart, Stephen A.},
}

@article{wang2012,
  langid = {english},
  title = {Numerical Analysis of Astigmatism Correction in Gradient Refractive Index Lens Based Optical Coherence Tomography Catheters},
  volume = {51},
  issn = {1559-128X, 2155-3165},
  url = {https://www.osapublishing.org/abstract.cfm?URI=ao-51-21-5244},
  doi = {10.1364/AO.51.005244},
  number = {21},
  journal = {Applied Optics},
  shortjournal = {Appl. Opt.},
  urldate = {2019-05-03},
  year = {2012},
  pages = {5244},
  author = {Wang, Tianshi and van der Steen, Antonius F. W. and van Soest, Gijs},
  options = {useprefix=true},
}

@article{xi2009a,
  langid = {english},
  title = {High-Resolution {{OCT}} Balloon Imaging Catheter with Astigmatism Correction},
  volume = {34},
  issn = {0146-9592, 1539-4794},
  url = {https://www.osapublishing.org/abstract.cfm?URI=ol-34-13-1943},
  doi = {10.1364/OL.34.001943},
  number = {13},
  journal = {Optics Letters},
  shortjournal = {Opt. Lett.},
  urldate = {2019-05-03},
  year = {2009},
  pages = {1943},
  author = {Xi, Jiefeng and Huo, Li and Wu, Yicong and Cobb, Michael J. and Hwang, Joo Ha and Li, Xingde},
}

@book{guy2005,
  title={An introduction to the principles of medical imaging},
  author={Guy, Chris and Ffytche, Dominic},
  year={2005},
  publisher={World Scientific}
}

@book{szabo2004,
  title={Diagnostic ultrasound imaging: inside out},
  author={Szabo, Thomas L},
  year={2004},
  publisher={Academic Press}
}

@article{tearney1997,
  title={In vivo endoscopic optical biopsy with optical coherence tomography},
  author={Tearney, Guillermo J and Brezinski, Mark E and Bouma, Brett E and Boppart, Stephen A and Pitris, Costas and Southern, James F and Fujimoto, James G},
  journal={Science},
  volume={276},
  number={5321},
  pages={2037--2039},
  year={1997},
  publisher={American Association for the Advancement of Science}
}

@article{swanson1993,
  title={In vivo retinal imaging by optical coherence tomography},
  author={Swanson, Eric A and Izatt, Joseph A and Hee, Michael R and Huang, David and Lin, CP and Schuman, JS and Puliafito, CA and Fujimoto, James G},
  journal={Optics letters},
  volume={18},
  number={21},
  pages={1864--1866},
  year={1993},
  publisher={Optical Society of America}
}

@article{jang2002,
  title={Visualization of coronary atherosclerotic plaques in patients using optical coherence tomography: comparison with intravascular ultrasound},
  author={Jang, Ik-Kyung and Bouma, Brett E and Kang, Dong-Heon and Park, Seung-Jung and Park, Seong-Wook and Seung, Ki-Bae and Choi, Kyu-Bo and Shishkov, Milen and Schlendorf, Kelly and Pomerantsev, Eugene and others},
  journal={Journal of the American College of Cardiology},
  volume={39},
  number={4},
  pages={604--609},
  year={2002},
  publisher={Journal of the American College of Cardiology}
}

@article{wang2017,
  title={Review of optical coherence tomography in oncology},
  author={Wang, Jianfeng and Xu, Yang and Boppart, Stephen A},
  journal={Journal of biomedical optics},
  volume={22},
  number={12},
  pages={121711},
  year={2017},
  publisher={International Society for Optics and Photonics}
}

@article{baran2016,
  title={Review of optical coherence tomography based angiography in neuroscience},
  author={Baran, Utku and Wang, Ruikang K},
  journal={Neurophotonics},
  volume={3},
  number={1},
  pages={010902},
  year={2016},
  publisher={International Society for Optics and Photonics}
}

@article{bezerra2009,
  title={Intracoronary optical coherence tomography: a comprehensive review: clinical and research applications},
  author={Bezerra, Hiram G and Costa, Marco A and Guagliumi, Giulio and Rollins, Andrew M and Simon, Daniel I},
  journal={JACC: Cardiovascular Interventions},
  volume={2},
  number={11},
  pages={1035--1046},
  year={2009},
  publisher={JACC: Cardiovascular Interventions}
}

@article{welzel2001,
  title={Optical coherence tomography in dermatology: a review},
  author={Welzel, Julia},
  journal={Skin Research and Technology: Review article},
  volume={7},
  number={1},
  pages={1--9},
  year={2001},
  publisher={Wiley Online Library}
}

@article{sinescu2015,
  title={Noninvasive quantitative evaluation of the dentin layer during dental procedures using Optical Coherence Tomography},
  author={Sinescu, Cosmin and Negrutiu, Meda Lavinia and Bradu, Adrian and Duma, Virgil-Florin and Podoleanu, Adrian Gh},
  journal={Computational and mathematical methods in medicine},
  volume={2015},
  year={2015},
  publisher={Hindawi}
}

@article{stifter2007,
  title={Beyond biomedicine: a review of alternative applications and developments for optical coherence tomography},
  author={Stifter, David},
  journal={Applied Physics B},
  volume={88},
  number={3},
  pages={337--357},
  year={2007},
  publisher={Springer}
}

@article{pircher2017,
  title = {Review of Adaptive Optics {{OCT}} ({{AO}}-{{OCT}}): Principles and Applications for Retinal Imaging [{{Invited}}]},
  volume = {8},
  issn = {2156-7085, 2156-7085},
  shorttitle = {Review of Adaptive Optics {{OCT}} ({{AO}}-{{OCT}})},
  language = {en},
  number = {5},
  journal = {Biomedical Optics Express},
  doi = {10.1364/BOE.8.002536},
  author = {Pircher, Michael and Zawadzki, Robert J},
  month = may,
  year = {2017},
  pages = {2536},
}

@article{zawadzki2011,
  langid = {english},
  title = {Integrated Adaptive Optics Optical Coherence Tomography and Adaptive Optics Scanning Laser Ophthalmoscope System for Simultaneous Cellular Resolution in Vivo Retinal Imaging},
  volume = {2},
  issn = {2156-7085, 2156-7085},
  url = {https://www.osapublishing.org/abstract.cfm?URI=boe-2-6-1674},
  doi = {10.1364/BOE.2.001674},
  number = {6},
  journal = {Biomedical Optics Express},
  shortjournal = {Biomed. Opt. Express},
  urldate = {2019-05-03},
  year = {2011},
  pages = {1674},
  author = {Zawadzki, Robert J. and Jones, Steven M. and Pilli, Suman and Balderas-Mata, Sandra and Kim, Dae Yu and Olivier, Scot S. and Werner, John S.},
}

@article{felberer2014,
  langid = {english},
  title = {Adaptive Optics {{SLO}}/{{OCT}} for {{3D}} Imaging of Human Photoreceptors in Vivo},
  volume = {5},
  issn = {2156-7085, 2156-7085},
  url = {https://www.osapublishing.org/abstract.cfm?URI=boe-5-2-439},
  doi = {10.1364/BOE.5.000439},
  number = {2},
  journal = {Biomedical Optics Express},
  shortjournal = {Biomed. Opt. Express},
  urldate = {2019-05-03},
  year = {2014},
  pages = {439},
  author = {Felberer, Franz and Kroisamer, Julia-Sophie and Baumann, Bernhard and Zotter, Stefan and Schmidt-Erfurth, Ursula and Hitzenberger, Christoph K. and Pircher, Michael},
}

@article{kumar2014,
  langid = {english},
  title = {Numerical Focusing Methods for Full Field {{OCT}}: A Comparison Based on a Common Signal Model},
  volume = {22},
  issn = {1094-4087},
  url = {http://www.osapublishing.org/oe/abstract.cfm?uri=oe-22-13-16061},
  doi = {10.1364/OE.22.016061},
  shorttitle = {Numerical Focusing Methods for Full Field {{OCT}}},
  number = {13},
  journal = {Optics Express},
  shortjournal = {Opt. Express, OE},
  urldate = {2019-03-21},
  year = {2014},
  pages = {16061-16078},
  keywords = {Power spectral density,Full field optical coherence tomography,Synthetic aperture radar,Refractive index,Three dimensional imaging,Image processing},
  author = {Kumar, Abhishek and Drexler, Wolfgang and Leitgeb, Rainer A.},
}

@article{liu2012,
  title={Digital focusing of OCT images based on scalar diffraction theory and information entropy},
  author={Liu, Guozhong and Zhi, Zhongwei and Wang, Ruikang K},
  journal={Biomedical optics express},
  volume={3},
  number={11},
  pages={2774--2783},
  year={2012},
  publisher={Optical Society of America}
}

@article{ralston2007,
  title = {Interferometric Synthetic Aperture Microscopy},
  volume = {3},
  copyright = {2007 Nature Publishing Group},
  issn = {1745-2481},
  language = {en},
  number = {2},
  journal = {Nature Physics},
  doi = {10.1038/nphys514},
  author = {Ralston, Tyler S. and Marks, Daniel L. and Carney, P. Scott and Boppart, Stephen A.},
  month = feb,
  year = {2007},
  pages = {129-134},
}

@article{yu2007,
  title={Improved lateral resolution in optical coherence tomography by digital focusing using two-dimensional numerical diffraction method},
  author={Yu, Lingfeng and Rao, Bin and Zhang, Jun and Su, Jianping and Wang, Qiang and Guo, Shuguang and Chen, Zhongping},
  journal={Optics express},
  volume={15},
  number={12},
  pages={7634--7641},
  year={2007},
  publisher={Optical Society of America}
}

@article{kumar2013,
  langid = {english},
  title = {Subaperture Correlation Based Digital Adaptive Optics for Full Field Optical Coherence Tomography},
  volume = {21},
  issn = {1094-4087},
  url = {https://www.osapublishing.org/abstract.cfm?URI=oe-21-9-10850},
  doi = {10.1364/OE.21.010850},
  number = {9},
  journal = {Optics Express},
  urldate = {2019-03-26},
  year = {2013},
  pages = {10850},
  author = {Kumar, Abhishek and Drexler, Wolfgang and Leitgeb, Rainer A.},
}

@article{adie2012,
  langid = {english},
  title = {Computational Adaptive Optics for Broadband Optical Interferometric Tomography of Biological Tissue},
  volume = {109},
  issn = {0027-8424, 1091-6490},
  url = {https://www.pnas.org/content/109/19/7175},
  doi = {10.1073/pnas.1121193109},
  number = {19},
  journal = {Proceedings of the National Academy of Sciences},
  shortjournal = {PNAS},
  urldate = {2019-01-03},
  year = {2012},
  pages = {7175-7180},
  keywords = {aberration compensation,holography,inverse scattering,low-coherence tomography,three-dimensional microscopy},
  author = {Adie, Steven G. and Graf, Benedikt W. and Ahmad, Adeel and Carney, P. Scott and Boppart, Stephen A.},
  eprinttype = {pmid},
  eprint = {22538815}
}

@article{pande2016,
  title = {Automated Computational Aberration Correction Method for Broadband Interferometric Imaging Techniques},
  volume = {41},
  issn = {0146-9592, 1539-4794},
  language = {en},
  number = {14},
  journal = {Optics Letters},
  doi = {10.1364/OL.41.003324},
  author = {Pande, Paritosh and Liu, Yuan-Zhi and South, Fredrick A. and Boppart, Stephen A.},
  month = jul,
  year = {2016},
  pages = {3324},
}

@article{south2019,
  title={Local wavefront mapping in tissue using computational adaptive optics OCT},
  author={South, Fredrick A and Liu, Yuan-Zhi and Huang, Pin-Chieh and Kohlfarber, Tabea and Boppart, Stephen A},
  journal={Optics letters},
  volume={44},
  number={5},
  pages={1186--1189},
  year={2019},
  publisher={Optical Society of America}
}

@article{liu2014,
  langid = {english},
  title = {Computed Optical Interferometric Tomography for High-Speed Volumetric Cellular Imaging},
  year = {2014},
  pages = {13},
  author = {Liu, Yuan-Zhi and Shemonski, Nathan D and Adie, Steven G and Ahmad, Adeel and Bower, Andrew J and Carney, P Scott and Boppart, Stephen A},
}

@article{hillmann2016,
  langid = {english},
  title = {Aberration-Free Volumetric High-Speed Imaging of {\emph{in Vivo}} Retina},
  volume = {6},
  issn = {2045-2322},
  url = {http://www.nature.com/articles/srep35209},
  doi = {10.1038/srep35209},
  journal = {Scientific Reports},
  urldate = {2019-01-03},
  year = {2016},
  pages = {35209},
  author = {Hillmann, Dierck and Spahr, Hendrik and Hain, Carola and Sudkamp, Helge and Franke, Gesa and Pfäffle, Clara and Winter, Christian and Hüttmann, Gereon},
}

@article{kumar2015,
  langid = {english},
  title = {Anisotropic Aberration Correction Using Region of Interest Based Digital Adaptive Optics in {{Fourier}} Domain {{OCT}}},
  volume = {6},
  issn = {2156-7085},
  url = {http://www.osapublishing.org/boe/abstract.cfm?uri=boe-6-4-1124},
  doi = {10.1364/BOE.6.001124},
  number = {4},
  journal = {Biomedical Optics Express},
  shortjournal = {Biomed. Opt. Express, BOE},
  urldate = {2019-03-21},
  year = {2015},
  pages = {1124-1134},
  keywords = {Imaging techniques,Spectral domain optical coherence tomography,Line scan cameras,Aberration correction,Imaging systems,Wave front sensing},
  author = {Kumar, Abhishek and Kamali, Tschackad and Platzer, René and Unterhuber, Angelika and Drexler, Wolfgang and Leitgeb, Rainer A.},
}