@book{Pulido_2012,
	title={An{\'a}lisis y dise{\~n}o de experimentos},
	author={H.G. Pulido and R. De La Vara Salazar and P.G. Gonz{\'a}lez and C.T. Mart{\'i}nez and M.C.T. P{\'e}rez},
	year={2012},
	publisher={McGraw-Hill}
}

@book{Hibbeler_2008,
	title={Mechanics of materials},
	author={R. Hibbeler},
	year={2008},
	publisher={Pearson Prentice Hall, Saddle River, NJ}
}

@book{Rao_2011,
	title={The Finite Element Method in Engineering},
	author={S.S. Rao},
	volume={2},
	year={2011},
	publisher={Elsevier}
}

@mastersthesis{Cano_2018,
	author    = {C. Cano},
	title     = {Diseño e implementación de un microscopio de luz polarizada para la medición cuantitativa de propiedades polarimétricas en muestras biológicas},
	school    = {Universidad EAFIT},
	type     = {Tesis de maestría},
	address  = {Medellín, Colombia},
	year      = {2018},
	%month    = "",
	%note     = "",
}

@book{Yoder_2015,
	title={Opto-Mechanical Systems Design, Two Volume Set},
	author={P. Yoder and D. Vukobratovich},
	year={2015},
	publisher={CRC press}
}

@book{Zemax_2018,
	author = {Zemax LLC},
	title = {Zemax OpticStudio 18.7 User Manual},
	year = {2018},
}

@incollection{Ruiz_2017,
	author = {S. Ruiz and C. Cuartas-Veléz and R. Restrepo and N. Uribe-Patarroyo},
	title = {Sistema de tomografía óptica de coherencia de campo completo},
	booktitle = {XV ENO - VI CANCOA},
	pages = {38-39},
	year = {2017},
}

@article{Fujimoto_2016,
	title={The development, commercialization, and impact of optical coherence tomography},
	author={J. Fujimoto, E. James and Swanson},
	journal={Investigative ophthalmology \& visual science},
	volume={57},
	number={9},
	pages={OCT1--OCT13},
	year={2016},
	publisher={The Association for Research in Vision and Ophthalmology}
}

@article{Sutton_1987,
	title={A textbook of radiology and imaging},
	author={D. Sutton},
	year={1987}
}

@inproceedings{Hsieh_2009,
	title={Computed tomography: principles, design, artifacts, and recent advances},
	author={Hsieh, Jiang and others},
	year={2009},
	organization={SPIE Bellingham, WA}
}

@article{Vakoc_2007,
	title={Comprehensive esophageal microscopy by using optical frequency--domain imaging (with video)},
	author={B.J. Vakoc and M. Shishko and S.H. Yun and W.Y. Oh and M.J. Suter and A.E. Desjardins and J.A. Evans and N.S. Nishioka and G.J. Tearney and B.E. Bouma},
	journal={Gastrointestinal endoscopy},
	volume={65},
	number={6},
	pages={898--905},
	year={2007},
	publisher={Elsevier}
}

@article{Yun_2006,
	title={Comprehensive volumetric optical microscopy in vivo},
	author={S.H. Yun and G.J. Tearney and B.J. Vakoc and M. Shishkov and Oh, Wang Y and Desjardins, Adrien E and Suter, Melissa J and Chan, Raymond C and Evans, John A and Jang, Ik-Kyung and others},
	journal={Nature medicine},
	volume={12},
	number={12},
	pages={1429},
	year={2006},
	publisher={Nature Publishing Group}
}

@article{Zhao_2000,
	title={Phase-resolved optical coherence tomography and optical Doppler tomography for imaging blood flow in human skin with fast scanning speed and high velocity sensitivity},
	author={Y. Zhao and Z. Chen and C. Saxer and S. Xiang and J.F. de Boer and J.S. Nelson},
	journal={Optics letters},
	volume={25},
	number={2},
	pages={114--116},
	year={2000},
	publisher={Optical Society of America}
}

@article{Liu_2015,
	title={Postprocessing algorithms to minimize fixed-pattern artifact and reduce trigger jitter in swept source optical coherence tomography},
	author={G. Liu and O. Tan and S.S. Gao and A.D. Pechauer and B.K. Lee and C.D. Lu and J.G. Fujimoto and D. Huang},
	journal={Optics express},
	volume={23},
	number={8},
	pages={9824--9834},
	year={2015},
	publisher={Optical Society of America}
}

@article{Choma_2003,
	title={Sensitivity advantage of swept source and Fourier domain optical coherence tomography},
	author={M.A. Choma and M.V. Sarunic and C. Yang and J.A. Izatt},
	journal={Optics express},
	volume={11},
	number={18},
	pages={2183--2189},
	year={2003},
	publisher={Optical Society of America}
}

@article{Oh_2005,
	title={115? kHz tuning repetition rate ultrahigh-speed wavelength-swept semiconductor laser},
	author={W.Y. Oh and S.H. Yun and G.J. Tearney and B.E. Bouma},
	journal={Optics letters},
	volume={30},
	number={23},
	pages={3159--3161},
	year={2005},
	publisher={Optical Society of America}
}

@article{Golubovic_1997,
	title={Optical frequency-domain reflectometry using rapid wavelength tuning of a Cr 4+: forsterite laser},
	author={B. Golubovic and B.E. Bouma and G.J. Tearney and J.G. Fujimoto},
	journal={Optics letters},
	volume={22},
	number={22},
	pages={1704--1706},
	year={1997},
	publisher={Optical Society of America}
}

@article{Chinn_1997,
	title={Optical coherence tomography using a frequency-tunable optical source},
	author={S.R. Chinn and E.A. Swanson and J.G. Fujimoto},
	journal={Optics letters},
	volume={22},
	number={5},
	pages={340--342},
	year={1997},
	publisher={Optical Society of America}
}

@article{Potsaid_2008,
	title={Ultrahigh speed spectral/Fourier domain OCT ophthalmic imaging at 70,000 to 312,500 axial scans per second},
	author={B. Potsaid and I. Gorczynska and V.J. Srinivasan and Y. Chen and J. Jiang and A. Cable and J.G. Fujimoto},
	journal={Optics express},
	volume={16},
	number={19},
	pages={15149--15169},
	year={2008},
	publisher={Optical Society of America}
}

@article{Nassif_2004,
	title={In vivo high-resolution video-rate spectral-domain optical coherence tomography of the human retina and optic nerve},
	author={N.A. Nassif and B. Cense and B.H. Park and M.C. Pierce and S.H. Yun and B.E. Bouma and G.J. Tearney and T.C. Chen andJ.F. De Boer},
	journal={Optics express},
	volume={12},
	number={3},
	pages={367--376},
	year={2004},
	publisher={Optical Society of America}
}

@article{Chen_2005,
	title={Spectral domain optical coherence tomography: ultra-high speed, ultra-high resolution ophthalmic imaging},
	author={T.C. Chen and B. Cense and M.C. Pierce and N. Nassif and B.H. Park and S.H. Yun and B.R. Whitea nd B.E. Bouma and G.J. Tearney and J.F. de Boer},
	journal={Archives of ophthalmology},
	volume={123},
	number={12},
	pages={1715--1720},
	year={2005},
	publisher={American Medical Association}
}

@article{Wojtkowski_2004,
	title={Ophthalmic imaging by spectral optical coherence tomography},
	author={M. Wojtkowski and T. Bajraszewski and I. Gorczy{\'n}ska and P. Targowski and A. Kowalczyk and W. Wasilewski and C. Radzewicz},
	journal={American journal of ophthalmology},
	volume={138},
	number={3},
	pages={412--419},
	year={2004},
	publisher={Elsevier}
}

@article{Leitgeb_2003,
	title={Performance of fourier domain vs. time domain optical coherence tomography},
	author={R. Leitgeb and C.K. Hitzenberger and A.F. Fercher},
	journal={Optics express},
	volume={11},
	number={8},
	pages={889--894},
	year={2003},
	publisher={Optical Society of America}
}

@article{Fercher_1988,
	title={Eye-length measurement by interferometry with partially coherent light},
	author={A.F. Fercher and K. Mengedoht and W. Werner},
	journal={Optics letters},
	volume={13},
	number={3},
	pages={186--188},
	year={1988},
	publisher={Optical Society of America}
}

@article{Swanson_1992,
	title={High-speed optical coherence domain reflectometry},
	author={E.A. Swanson and D. Huang and M.R. Hee and J.G. Fujimoto and C.P. Lin and C.A. Puliafito},
	journal={Optics letters},
	volume={17},
	number={2},
	pages={151--153},
	year={1992},
	publisher={Optical Society of America}
}

@article{Pitris_1998,
	title={High resolution imaging of the upper respiratory tract with optical coherence tomography: a feasibility study},
	author={C. Pitris and M.E. Brezinski and B.E. Bouma and G.J. Tearney and J.F. Southern and J.G. Fujimoto},
	journal={American journal of respiratory and critical care medicine},
	volume={157},
	number={5},
	pages={1640--1644},
	year={1998},
	publisher={American Thoracic Society New York, NY}
}

@article{Izatt_1996,
	title={Optical coherence tomography and microscopy in gastrointestinal tissues},
	author={J.A.Izatt and M.D. Kulkarni and H.W. Wang and K. Kobayashi and M.V. Sivak},
	journal={IEEE Journal of Selected topics in quantum electronics},
	volume={2},
	number={4},
	pages={1017--1028},
	year={1996},
	publisher={IEEE}
}

@article{Tearney_1998,
	title={Optical biopsy in human pancreatobiliary tissue using optical coherence tomography},
	author={G.J. Tearney and M.E. Brezinski and J.F. Southern and B.E. Bouma and S.A. Boppart and J.G. Fujimoto},
	journal={Digestive diseases and sciences},
	volume={43},
	number={6},
	pages={1193--1199},
	year={1998},
	publisher={Springer}
}

@article{Pitris_2000,
	title={Feasibility of optical coherence tomography for high-resolution imaging of human gastrointestinal tract malignancies},
	author={C. Pitris and C. Jesser and S.A. Boppart and D. Stamper and M.E. Brezinski and J.G. Fujimoto},
	journal={Journal of gastroenterology},
	volume={35},
	number={2},
	pages={87--92},
	year={2000},
	publisher={Springer}
}

@article{Hee_1998,
	title={Topography of diabetic macular edema with optical coherence tomography},
	author={M.R. Hee and C.A. Puliafito and J.S. Duker and E. Reichel and J.G. Coker and J.R. Wilkins and J.S. Schuman and E.A. Swanson and Fujimoto, James G},
	journal={Ophthalmology},
	volume={105},
	number={2},
	pages={360--370},
	year={1998},
	publisher={Elsevier}
}

@article{Brezinski_1996,
	title={Optical coherence tomography for optical biopsy: properties and demonstration of vascular pathology},
	author={M.E. Brezinski and G.J. Tearney and B.E. Bouma and J.A. Izatt and M.R. Hee and E.A. Swanson and J.F. Southern and J.G. Fujimoto},
	journal={Circulation},
	volume={93},
	number={6},
	pages={1206--1213},
	year={1996},
	publisher={Am Heart Assoc}
}

@article{Schuman_1995,
	title={Quantification of nerve fiber layer thickness in normal and glaucomatous eyes using optical coherence tomography: a pilot study},
	author={J.S. Schuman and M.R. Hee and C.A. Puliafito and C. Wong and T. Pedut-Kloizman and C.P. Lin and E. Hertzmark and J.A. Izatt and E.A. Swanson and J.G. Fujimoto},
	journal={Archives of ophthalmology},
	volume={113},
	number={5},
	pages={586--596},
	year={1995},
	publisher={American Medical Association}
}

@article{Hee_1996,
	title={Optical coherence tomography of age-related macular degeneration and choroidal neovascularization},
	author={M.R. Hee and C.R. Baumal and C.A. Puliafito and J.S. Duker and E. Reichel and J.R. Wilkins and J.G. Coker and J.S. Schuman and E.A. Swanson and J.G. Fujimoto},
	journal={Ophthalmology},
	volume={103},
	number={8},
	pages={1260--1270},
	year={1996},
	publisher={Elsevier}
}


@article{Hee_1995_c,
	title={Optical coherence tomography of central serous chorioretinopathy},
	author={M.R. Hee and C.A. Puliafito and C. Wong and E. Reichel and J.S. Duker and J.S. Schuman and E.A. Swanson and J.G. Fujimoto},
	journal={American journal of ophthalmology},
	volume={120},
	number={1},
	pages={65--74},
	year={1995},
	publisher={Elsevier}
}

@article{Hee_1995_b,
	title={Optical coherence tomography of macular holes},
	author={M.R. Hee and C.A. Puliafito and C. Wong and J.S. Duker and E. Reichel and J.S. Schuman and E.A. Swanson, Eric A and Fujimoto, James G},
	journal={Ophthalmology},
	volume={102},
	number={5},
	pages={748--756},
	year={1995},
	publisher={Elsevier}
}

@article{Hee_1998,
	title={Topography of diabetic macular edema with optical coherence tomography},
	author={M.R. Hee and C.A. Puliafito and J.S. Duker and E. Reichel and J.G. Coker and J.R. Wilkins and J.S. Schuman and E.A. Swanson and J.G. Fujimoto},
	journal={Ophthalmology},
	volume={105},
	number={2},
	pages={360--370},
	year={1998},
	publisher={Elsevier}
}

@article{Hee_1995_a,
	title={Quantitative assessment of macular edema with optical coherence tomography},
	author={M.R. Hee and C.A. Puliafito and C. Wong and J.S. Duker and E. Reichel and B. Rutledge and J.S. Schuman and E.A. Swanson and J.G. Fujimoto},
	journal={Archives of ophthalmology},
	volume={113},
	number={8},
	pages={1019--1029},
	year={1995},
	publisher={American Medical Association}
}

@article{Puliafito_1995,
	title={Imaging of macular diseases with optical coherence tomography},
	author={C.A. Puliafito and M.R. Hee and C.P. Lin and E. Reichel and J.S. Schuman and J.S. Duker and J.A. Izatt and E.A. Swanson and J.G. Fujimoto},
	journal={Ophthalmology},
	volume={102},
	number={2},
	pages={217--229},
	year={1995},
	publisher={Elsevier}
}

@article{Fercher_1993,
	title={In vivo optical coherence tomography},
	author={A.F. Fercher},
	journal={Am J Ophthalmol},
	volume={116},
	pages={113--114},
	year={1993}
}

@article{Fercher_1993,
	title={In vivo retinal imaging by optical coherence tomography},
	author={E.A. Swanson and J.A. Izatt and M.R. Hee and D. Huang and C.P. Lin and J.S. Schuman and C.A. Puliafito and J.G. Fujimoto},
	journal={Optics letters},
	volume={18},
	number={21},
	pages={1864--1866},
	year={1993},
	publisher={Optical Society of America}
}

@article{Swanson_1993,
	title={In vivo retinal imaging by optical coherence tomography},
	author={E.A. Swanson and J.A. Izatt and M.R. Hee and D. Huang and C.P. Lin and J.S. Schuman and C.A. Puliafito and J.G. Fujimoto},
	journal={Optics letters},
	volume={18},
	number={21},
	pages={1864--1866},
	year={1993},
	publisher={Optical Society of America}
}

@article{Ritenour_2009,
	title={Principles and Advanced Methods in Medical Imaging and Image Analysis},
	author={Ritenour, E Russell},
	journal={Medical Physics},
	volume={36},
	number={4},
	pages={1460--1460},
	year={2009},
	publisher={Wiley Online Library}
}

@article{Doi_2006,
	title={Diagnostic imaging over the last 50 years: research and development in medical imaging science and technology},
	author={K. Doi},
	journal={Physics in Medicine \& Biology},
	volume={51},
	number={13},
	pages={R5},
	year={2006},
	publisher={IOP Publishing}
}

@book{Guy_2005,
	title={An introduction to the principles of medical imaging},
	author={C. Guy and D. Ffytche},
	year={2005},
	publisher={World Scientific}
}

@article{Sinescu_2015,
	title={Noninvasive quantitative evaluation of the dentin layer during dental procedures using Optical Coherence Tomography},
	author={C. Sinescu and M.L. Negrutiu and A. Bradu and V.F. Duma and A.G. Podoleanu},
	journal={Computational and mathematical methods in medicine},
	volume={2015},
	year={2015},
	publisher={Hindawi}
}

@article{Olsen_2015,
	title={Optical coherence tomography in dermatology},
	author={J. Olsen and L. Themstrup and G.B. Jemec},
	journal={G Ital Dermatol Venereol},
	volume={150},
	number={5},
	pages={603--15},
	year={2015}
}

@article{Bezerra_2009,
	title={Intracoronary optical coherence tomography: a comprehensive review: clinical and research applications},
	author={H.G. Bezerra and M.A. Costa and G. Guagliumi and A.M. Rollins and D.I. Simon},
	journal={JACC: Cardiovascular Interventions},
	volume={2},
	number={11},
	pages={1035--1046},
	year={2009},
	publisher={JACC: Cardiovascular Interventions}
}

@article{Baran_2016,
	title={Review of optical coherence tomography based angiography in neuroscience},
	author={U. Baran and R.K. Wang},
	journal={Neurophotonics},
	volume={3},
	number={1},
	pages={010902},
	year={2016},
	publisher={International Society for Optics and Photonics}
}

@article{Wang_2017,
	title={Review of optical coherence tomography in oncology},
	author={J. Wang and Y. Xu and S.A. Boppart},
	journal={Journal of biomedical optics},
	volume={22},
	number={12},
	pages={121711},
	year={2017},
	publisher={International Society for Optics and Photonics}
}

@article{Zhou_2015,
	title={Endoscopic optical coherence tomography},
	author={C. Zhou and J.G. Fujimoto and T.H. Tsai and H. Mashimo},
	journal={Optical Coherence Tomography: Technology and Applications},
	pages={2077--2108},
	year={2015},
	publisher={Springer}
}

@article{Jang_2002,
	title={Visualization of coronary atherosclerotic plaques in patients using optical coherence tomography: comparison with intravascular ultrasound},
	author={I.K Jang, and B.E. Bouma, and D.H. Kang, and S.J. Park, and S.W. Park, and K.B. Seung and K.B. Choi and M. Shishkov and K. Schlendorf and E. Pomerantsev},
	journal={Journal of the American College of Cardiology},
	volume={39},
	number={4},
	pages={604--609},
	year={2002},
	publisher={Journal of the American College of Cardiology}
}

@article{Ramos_2009,
	title={Clinical and research applications of anterior segment optical coherence tomography--a review},
	author={J.L. Ramos and Y. Li, and D. Huang},
	journal={Clinical \& experimental ophthalmology},
	volume={37},
	number={1},
	pages={81--89},
	year={2009},
	publisher={Wiley Online Library}
}

@misc{MatWeb_2018,
	author =   {MatWeb},
	title =    {Material property data - Aluminium 6061-0},
	howpublished = {\url{http://www.matweb.com/search/DataSheet.aspx?MatGUID=626ec8cdca604f1994be4fc2bc6f7f63}},
	note = {Revisado el 26/10/2018},
}

@book{Ansys_2013,
	author = {ANSYS Inc.},
	title = {ANSYS Mechanical APDL Element Reference},
	year = {2013},
}

@misc{Schoot_2018,
	author =   {Schoot},
	title =    {Optical Glasses - Data Sheets},
	howpublished = {\url{www.schott.com/d/advanced_optics/ac85c64c-60a0-4113-a9df-23ee1be20428/1.5/schott-optical-glass-collection-datasheets-english-17012017.pdf}},
	note = {Revisado el 25/10/2018},
}

@book{Yoder_2000,
	title={Mounting Optics in Optical Instruments},
	author={P.R. Yoder},
	publisher={SPIE PRESS}
	edition={2},
	year={2000},
}

@incollection{Klink_1995,
	title={Calibration and validation of spectrophotometers: a vendor's view},
	author={T. Klink},
	booktitle={Analytical Spectroscopy Library},
	volume={6},
	pages={195--204},
	year={1995},
	publisher={Elsevier}
}

@book{Goodman_1985,
	title={Statistical Optics},
	author={J.W. Goodman},
	year={1985},
	publisher={John Wiley \& Sons}
}

@article{Cuartas_2018,
	title={Volumetric non-local-means based speckle reduction for optical coherence tomography},
	author={Cuartas-V{\'e}lez, Carlos and Restrepo, Ren{\'e} and Bouma, Brett E and Uribe-Patarroyo, N{\'e}stor},
	journal={Biomedical optics express},
	volume={9},
	number={7},
	pages={3354--3372},
	year={2018},
	publisher={Optical Society of America}
}

@book{Goodman_2007,
	title={Speckle phenomena in optics: theory and applications},
	author={J.W. Goodman},
	year={2007},
	publisher={Roberts and Company Publishers}
}

@book{Malacara_2007,
	title={Optical shop testing},
	author={D. Malacara},
	year={2007},
	publisher={John Wiley \& Sons}
}

@article{Kouznetsov_2005,
	title={High-power single-mode solid-state laser with a short, wide unstable cavity},
	author={D. Kouznetsov, and J.F. Bisson, and K. Takaichi, and K.I Ueda},
	journal={JOSA B},
	volume={22},
	number={8},
	pages={1605--1619},
	year={2005},
	publisher={Optical Society of America}
}

@article{Gates_1965,
	title={Spectral properties of plants},
	author={D.M. Gates, and H.J. Keegan, and J.C. Schleter, and V.R. Weidner},
	journal={Applied optics},
	volume={4},
	number={1},
	pages={11--20},
	year={1965},
	publisher={Optical Society of America}
}

@article{Rollins_1999,
	title={Real-time in vivo imaging of human gastrointestinal ultrastructure by use of endoscopic optical coherence tomography with a novel efficient interferometer design},
	author={A.M. Rollins, and R. Ung-Arunyawee, and A. Chak, and C.K. Wong, and K. Kobayashi, and M.V. Sivak, and J.A. Izatt},
	journal={Optics letters},
	volume={24},
	number={19},
	pages={1358--1360},
	year={1999},
	publisher={Optical Society of America}
}

@article{Tearney_2001,
	title={Optical Biopsy in Human Gastrointestinal Tissue Using Optical Coherence Tomography},
	author={G.J. Tearney, and M.E. Brezinski, and J.F. Southern, and B.E. Bouma, and S.A. Boppart, and J.G. Fujimoto},
	journal={SPIE milestone series},
	volume={165},
	pages={571--575},
	year={2001},
	publisher={Society of Photo-Optical Instrumentation Engineers}
}

@article{Puliafito_1995,
	title={Imaging of macular diseases with optical coherence tomography},
	author={C.A. Puliafito, and M.R. Hee, and C.P. Lin, and E. Reichel, and J.S. Schuman, and J.S. Duker, and J.A. Izatt, and E.A. Swanson, and J.G. Fujimoto},
	journal={Ophthalmology},
	volume={102},
	number={2},
	pages={217--229},
	year={1995},
	publisher={Elsevier}
}

@article{August_2013,
	title={Compressive sensing spectrometry based on liquid crystal devices},
	author={Y. August, A. and Stern},
	journal={Optics letters},
	volume={38},
	number={23},
	pages={4996--4999},
	year={2013},
	publisher={Optical Society of America}
}

@book{Goodman_2005,
	title={Introduction to Fourier optics},
	author={Goodman, Joseph W},
	year={2005},
	publisher={Roberts and Company Publishers}
}

@book{Jenkins_2001,
	title={Fundamentals of optics},
	author={F.A. Jenkins, and H.E. White},
	year={2001},
	publisher={McGraw-Hill},
	address ={New York}
}

@article{Wojtkowski_2004,
	title={Ultrahigh-resolution, high-speed, Fourier domain optical coherence tomography and methods for dispersion compensation},
	author={M. Wojtkowski, and V.J. Srinivasan, and T.H. Ko, and J.G. Fujimoto, and A. Kowalczyk, and J.S. Duker},
	journal={Optics express},
	volume={12},
	number={11},
	pages={2404--2422},
	year={2004},
	publisher={Optical Society of America}
}

@article{Aguirre_2003,
	title={High-resolution optical coherence microscopy for high-speed, in vivo cellular imaging},
	author={A.D. Aguirre, and P. Hsiung, and T.H. Ko, and I. Hartl, and J.G. Fujimoto},
	journal={Optics letters},
	volume={28},
	number={21},
	pages={2064--2066},
	year={2003},
	publisher={Optical Society of America}
}

@article{Parsa_1989,
	title={Optical properties of rat liver between 350 and 2200 nm},
	author={P. Parsa, and S.L. Jacques, and N.S. Nishioka},
	journal={Applied Optics},
	volume={28},
	number={12},
	pages={2325--2330},
	year={1989},
	publisher={Optical Society of America}
}

@inproceedings{Srimal_2015,
	title={Functional optical coherence tomography (fOCT) biospeckle imaging to investigate response of plant leaves to ultra-short term exposure of Ozone},
	author={L.K.T Srimal, and U.M. Rajagopalan, and H. Kadono},
	booktitle={Journal of Physics: Conference Series},
	volume={605},
	number={1},
	pages={012013},
	year={2015},
	organization={IOP Publishing}
}

@article{Meglinski_2010,
	title={Plant photonics: application of optical coherence tomography to monitor defects and rots in onion},
	author={I.V. Meglinski, and C. Buranachai, and L.A. Terry},
	journal={Laser Physics Letters},
	volume={7},
	number={4},
	pages={307},
	year={2010},
	publisher={IOP Publishing}
}

@article{Ravichandran_2016,
	title={In vivo monitoring on growth and spread of gray leaf spot disease in capsicum annuum leaf using spectral domain optical coherence tomography},
	author={N.K. Ravichandran, and R.E. Wijesinghe, and M.F. Shirazi and K. Park, and S.Y. Lee, and H.Y. Jung, and M. Jeon, and J. Kim},
	journal={Journal of Spectroscopy},
	volume={2016},
	year={2016},
	publisher={Hindawi}
}

@article{Chow_2009,
	title={Diagnosis of virus infection in orchid plants with high-resolution optical coherence tomography},
	author={T.H. Chow, and K.M. Tan, and B.K. Ng, and R.S. Gulam, and C.M. Tay, and T.F. Chia, and W.T. Poh},
	journal={Journal of biomedical optics},
	volume={14},
	number={1},
	pages={014006},
	year={2009},
	publisher={International Society for Optics and Photonics}
}

@inproceedings{Sapozhnikova_2003,
	title={Optical coherence tomography for visualization of plant tissues},
	author={V.V. Sapozhnikova, and V.A. Kamensky, and R.V. Kuranov},
	booktitle={Laser Applications in Medicine, Biology, and Environmental Science},
	volume={5149},
	pages={231--239},
	year={2003},
	organization={International Society for Optics and Photonics}
}

@article{Reeves_2002,
	title={In vivo three-dimensional imaging of plants with optical coherence microscopy},
	author={A. Reeves, and R.L. Parsons, and J.W. Hettinger, and J.I. Medford},
	journal={Journal of microscopy},
	volume={208},
	number={3},
	pages={177--189},
	year={2002},
	publisher={Wiley Online Library}
}

@article{Loeb_2003,
	title={Imaging botanical subjects with optical coherence tomography: a feasibility study},
	author={G. Loeb, and J.K. Barton},
	journal={Transactions of the ASAE},
	volume={46},
	number={6},
	pages={1751},
	year={2003},
	publisher={American Society of Agricultural and Biological Engineers}
}

@article{Stifter_2007,
	title={Beyond biomedicine: a review of alternative applications and developments for optical coherence tomography},
	author={D. Stifter},
	journal={Applied Physics B},
	volume={88},
	number={3},
	pages={337--357},
	year={2007},
	publisher={Springer}
}

@article{Fujimoto_2016,
	title={The development, commercialization, and impact of optical coherence tomography},
	author={J. Fujimoto, and E. Swanson},
	journal={Investigative ophthalmology \& visual science},
	volume={57},
	number={9},
	pages={OCT1--OCT13},
	year={2016},
	publisher={The Association for Research in Vision and Ophthalmology}
}

@article{Liu_2009,
	title={Deconvolution methods for image deblurring in optical coherence tomography},
	author={Y. Liu, and Y. Liang, and G. Mu, and X. Zhu},
	journal={JOSA A},
	volume={26},
	number={1},
	pages={72--77},
	year={2009},
	publisher={Optical Society of America}
}

@article{Chinn_1997,
	title={Optical coherence tomography using a frequency-tunable optical source},
	author={S.R. Chinn, and E.A. Swanson, and J.G. Fujimoto},
	journal={Optics letters},
	volume={22},
	number={5},
	pages={340--342},
	year={1997},
	publisher={Optical Society of America}
}

@article{Choma_2003,
	title={Sensitivity advantage of swept source and Fourier domain optical coherence tomography},
	author={M.A. Choma, and M.V. Sarunic, and C. Yang, and J.A. Izatt},
	journal={Optics express},
	volume={11},
	number={18},
	pages={2183--2189},
	year={2003},
	publisher={Optical Society of America}
}

@book{Drexler_2008,
	title={Optical coherence tomography: technology and applications},
	author={W. Drexler and J.G. Fujimoto},
	year={2008},
	publisher={Springer Science \& Business Media}
}

@article{Fercher_1988,
	title={Eye-length measurement by interferometry with partially coherent light},
	author={A.F. Fercher and K. Mengedoht, and W. Werner},
	journal={Optics letters},
	volume={13},
	number={3},
	pages={186--188},
	year={1988},
	publisher={Optical Society of America}
}

@article{Duguay_1971,
	title={Ultrahigh speed photography of picosecond light pulses and echoes},
	author={M.A. Duguay, and A.T. Mattick},
	journal={Applied optics},
	volume={10},
	number={9},
	pages={2162--2170},
	year={1971},
	publisher={Optical Society of America}
}

@book{Szabo_2004,
	title={Diagnostic ultrasound imaging: inside out},
	author={T.L. Szabo},
	year={2004},
	publisher={Academic Press}
}

@book{RAE_2014,
	author = {Real Academia Española},
	title = {Diccionario de la lengua española (23.$^a$ Ed.)},
	year = {2014},
}

@article{Wojtkowski_2002,
	title={\textit{In vivo} human retinal imaging by fourier domain optical coherence tomography.},
	author={M. Wojtkowski, R. Leigeb, A. Kowalczyk, T. Bajraszewski, and A. Fercher},
	journal={Journal of biomedical optics,},
	volume={7},
	number={3},
	pages={457-463},
	year={1991},
	publisher={American Association for the Advancement of Science}
}

@book{Hecht_2017,
	author = {E. Hecht},
	title = {Optics},
	edition = {5},
	publisher = {Pearson Education},
	address = {Boston},
	year = {2017},
}

@book{Saptari_2003,
	author = {V. Saptari},
	title = {Fourier-Transform Spectroscopy Instrumentation Engineering},
	edition = {4},
	publisher = {SPIE Press},
	address = {Bellingham, WA},
	year = {2003},
}

@book{Ball_2001,
	address = {Bellingham, Wash},
	title = {The basics of spectroscopy},
	publisher = {SPIE Press},
	author = {D.W. Ball},
	year = {2001},
}

@article{Huang_1991,
	title={Optical coherence tomography},
	author={D. Huang, and E. Swanson, and C.P. Lin, and J.S. Schuman,  and W.G. Stinson, and W. Chang, and M.R. Hee, and T. Flotte, and  K. Gregory, and C.A. Puliafito, et. al.},
	journal={science},
	volume={254},
	number={5035},
	pages={1178--1181},
	year={1991},
	publisher={American Association for the Advancement of Science}
}

@article{Fercher_1995,
	title={Measurement of intraocular distances by backscattering spectral interferometry},
	author={A.F. Fercher, and C.K. Hitzenberger, and G. Kamp, and S.Y. El-Zaiat},
	journal={Optics communications},
	volume={117},
	number={1-2},
	pages={43--48},
	year={1995},
	publisher={Elsevier}
}

@article{Dorrer_2000,
  title={Spectral resolution and sampling issues in Fourier-transform spectral interferometry},
  author={C. Dorrer, and N. Belabas, J.P. Likforman, and M. Joffre},
  journal={JOSA B},
  volume={17},
  number={10},
  pages={1795--1802},
  year={2000},
  publisher={Optical Society of America}
}

@article{Lee_2009,
  title={Optimization for axial resolution, depth range, and sensitivity of spectral domain optical coherence tomography at 1.3 $\mu$m},
  author={S.W. Lee and H.W. and Jeong, and B.M. Kim, and Y.C. Ahn, and W. Jung, and Z. Chen},
  journal={The Journal of the Korean Physical Society},
  volume={55},
  number={6},
  pages={2354},
  year={2009},
  publisher={NIH Public Access}
}

@book{Neumann_2015,
	address = {Bellingham, Wash},
	title = {Applications of dispersive optical spectroscopy systems},
	publisher = {SPIE Press},
	author = {W. Neumann},
	year = {2015},
}

@article{Feng_1995,
	title = {Design and modeling of a compact imaging spectrometer},
	volume = {34},
	journal = {Optical Engineering},
	author = {C. Feng and A. Ahmad},
	year = {1995},
	pages = {3217-3222},
}

@book{Neumann_2014,
	address = {Bellingham, Wash},
	title = {Fundamentals of dispersive optical spectroscopy systems},
	publisher = {SPIE Press},
	author = {W. Neumann},
	year = {2014},
}

@book{Sokolova_2015,
	title = {Optimization {Techniques} for {Diffraction} {Spectrometers}},
	publisher = {Society of Photo-Optical Instrumentation Engineers (SPIE)},
	author = {E. Sokolova},
	year = {2015},
}

@book{James_1969,
	address = {London},
	title = {The design of optical spectrometers},
	publisher = {Chapman \& Hall},
	author = {J.F. James and R. S. Sternberg},
	year = {1969},
}

@book{James_2007,
	address = {New York},
	title = {Spectrograph design fundamentals},
	publisher = {Cambridge University Press},
	author = {J.F. James},
	year = {2007},
}

@book{Palmer_2005,
	address = {Rochester},
	title = {Diffraction {Gratting} {Handbook}},
	publisher = {Newport Corporation},
	author = {C. Palmer and E. Loewen},
	year = {2005},
}

@book{Fujimoto_2015,
  title={Optical Coherence Tomography: Technology and Applications},
  author={J.G. Fujimoto and W. Drexler},
  year={2015},
  publisher={Springer}
}

@incollection{Ruiz_2017,
	author = {S. Ruiz and C. Cuartas-Veléz and R. Restrepo and N. Uribe-Patarroyo},
	title = {Sistema de tomografía óptica de coherencia de campo completo},
	booktitle = {XV ENO - VI CANCOA},
	pages = {38-39},
	year = {2017},
}

@article{Lee_2015,
  title={Ultrahigh-resolution spectral domain optical coherence tomography based on a linear-wavenumber spectrometer},
  author={S.W. Lee, and H. Kang, and J.H. Park, and T.G. Lee, and E.S. Lee, and J.Y. Lee},
  journal={Journal of the Optical Society of Korea},
  volume={19},
  number={1},
  pages={55--62},
  year={2015},
  publisher={Optical Society of Korea}
}

@article{Wu_2017,
  title={Optimization of linear-wavenumber spectrometer for high-resolution spectral domain optical coherence tomography},
  author={T. Wu, and S. Sun, and X. Wang, and H. Zhang, and C. He, and J. Wang, and X. Gu,and W. Liu},
  journal={Optics Communications},
  volume={405},
  pages={171--176},
  year={2017},
  publisher={Elsevier}
}

@article{Lan_2017,
	title = {Design of a k-space spectrometer for ultra-broad waveband spectral domain optical coherence tomography},
	volume = {7},
	journal = {Scientific Reports},
	author = {G. Lan and G. Li},
	year = {2017},
	pages = {42353},
}

@manual{Thorlabs_2012,
	author = {Thorlabs GmbH},
	title = {LC100 Operation manual},
	year = {2012},
}

@article{Kim_2018,
	title = {Design and implementation of a low-cost, portable OCT system},
	volume = {9},
	number = {3},
	journal = {Biomedical Optics Express},
	author = {S. Kim and M. Crose and W.J. Eldridge and B. Cox and
	W.J. Brwon and A. Wax},
	year = {2018},
	pages = {1232-1243},
}

@article{Hu_2007,
	title = {Fourier domain optical coherence tomography with a linear-in-wavenumber spectrometer},
	volume = {32},
	number = {24},
	journal = {Optics Letters},
	author = {Z. Hu and A.M. Rollins},
	year = {2007},
	pages = {3525-3527},
}

@article{Gelikonow_2009,
	title = {Linear-Wavenumber Spectrometer for High-Speed Spectral-Domain Optical Coherence Tomography},
	volume = {106},
	number = {3},
	journal = {Optics and Spectroscopy},
	author = {V.M. Gelikonov and G.V. Gelikonov and P.A. Shilyagin},
	year = {2008},
	pages = {459-465},
}